@article{wiles1995,
	title = {Modular {Elliptic} {Curves} and {Fermat}'s {Last} {Theorem}},
	volume = {141},
	issn = {0003486X},
	url = {https://www.jstor.org/stable/2118559?origin=crossref},
	doi = {10.2307/2118559},
	number = {3},
	urldate = {2020-12-25},
	journal = {The Annals of Mathematics},
	author = {Wiles, Andrew},
	month = may,
	year = {1995},
	pages = {443},
}

@book{heim1998,
	address = {Malden, MA},
	series = {Blackwell textbooks in linguistics},
	title = {Semantics in generative grammar},
	isbn = {9780631197126 9780631197133},
	number = {13},
	publisher = {Blackwell},
	author = {Heim, Irene and Kratzer, Angelika},
	year = {1998},
	keywords = {Semantics, Generative grammar},
}

@article{shannon1948,
	title = {A {Mathematical} {Theory} of {Communication}},
	volume = {27},
	issn = {00058580},
	url = {https://ieeexplore.ieee.org/document/6773024},
	doi = {10.1002/j.1538-7305.1948.tb01338.x},
	language = {en},
	number = {3},
	urldate = {2020-12-25},
	journal = {Bell System Technical Journal},
	author = {Shannon, C. E.},
	month = jul,
	year = {1948},
	pages = {379--423},
}

@article{gibbs1873,
	title = {A {Method} of {Geometrical} {Representation} of the {Thermodynamic} {Properties} of {Substances} by {Means} of {Surfaces}},
	volume = {2},
	journal = {Transactions of the Connecticut Academy of Arts and Sciences},
	author = {Gibbs, Josiah Willard},
	year = {1873},
	pages = {382--404},
}

@book{newton1687,
	address = {Cambridge, Mass.},
	edition = {3d ed.},
	title = {Philosophiae {Naturalis} {Principia} {Mathematica}},
	isbn = {9780674664753},
	language = {lateng},
	publisher = {Harvard University Press},
	author = {Newton, Isaac},
	editor = {Koyr√©, Alexandre and Cohen, I. Bernard},
	year = {1972},
	note = {original-date: 1687},
	keywords = {Mechanics, Early works to 1800, Celestial mechanics, Early works to 1800},
}